@article{sogge1988concerning,
  title={Concerning the Lp norm of spectral clusters for second-order elliptic operators on compact manifolds},
  author={Sogge, Christopher D},
  journal={Journal of functional analysis},
  volume={77},
  number={1},
  pages={123--138},
  year={1988},
  publisher={Elsevier}
}