@book{Hale1993Introduction,
  title={Introduction to Functional Differential Equations},
  author={Hale, J K and Verduyn Lunel, S M},
  publisher={Springer-Verlag,},
  year={1993},
}
