%% This BibTeX bibliography file was created using BibDesk.
%% https://bibdesk.sourceforge.io/

%% Created for Yunlei Wang at 2023-10-29 18:43:25 +0100 


%% Saved with string encoding Unicode (UTF-8) 



@book{berezin2012schrodinger,
	author = {Berezin, Feliks Aleksandrovich and Shubin, Mikhail},
	date-added = {2023-10-29 18:43:20 +0100},
	date-modified = {2023-10-29 18:43:20 +0100},
	publisher = {Springer Science \& Business Media},
	title = {The Schr{\"o}dinger Equation},
	volume = {66},
	year = {2012}}

@article{su2023quantitative,
	author = {Su, Pei and Sun, Chenmin and Yuan, XU},
	date-added = {2023-10-29 17:53:58 +0100},
	date-modified = {2023-10-29 17:53:58 +0100},
	journal = {arXiv preprint arXiv:2309.00963},
	title = {Quantitative observability for one-dimensional Schr$\backslash$" odinger equations with potentials},
	year = {2023}}
