@article{IONESCU200690,
title = {Uniqueness properties of solutions of Schrödinger equations},
journal = {Journal of Functional Analysis},
volume = {232},
number = {1},
pages = {90-136},
year = {2006},
issn = {0022-1236},
author = {Alexandru D. Ionescu and Carlos E. Kenig},
keywords = {Carleman inequalities, Local smoothing, Uniqueness of solutions, Parametrices},
abstract = {Under suitable assumptions on the potentials V and a, we prove that if u∈C([0,1],H1) is a solution of the linear Schrödinger equation(i∂t+Δx)u=Vu+a·∇xu on Rd×(0,1)and if u≡0 in {|x|>R}×{0,1} for some R⩾0, then u≡0 in Rd×[0,1]. As a consequence, we obtain uniqueness properties of solutions of nonlinear Schrödinger equations of the form(i∂t+Δx)u=G(x,t,u,u¯,∇xu,∇xu¯) on Rd×(0,1),where G is a suitable nonlinear term. The main ingredient in our proof is a Carleman inequality of the form∥eβϕλ(x1)v∥Lx2Lt2+∥eβϕλ(x1)|∇xv|∥Bx∞,2Lt2⩽C¯∥eβϕλ(x1)(i∂t+Δx)v∥Bx1,2Lt2for any v∈C(R:H1) with v(.,t)≡0 for t∉[0,1]. In this inequality, Bx∞,2 and Bx1,2 are Banach spaces of functions on Rd, and eβϕλ(x1) is a suitable weight.}
}
@article{Kenig2003,
author = {Kenig, Carlos E. and Ponce, Gustavo and Vega, Luis},
title = {On unique continuation for nonlinear Schrödinger equations},
journal = {Communications on Pure and Applied Mathematics},
volume = {56},
number = {9},
pages = {1247-1262},
doi = {https://doi.org/10.1002/cpa.10094},
url = {https://onlinelibrary.wiley.com/doi/abs/10.1002/cpa.10094},
eprint = {https://onlinelibrary.wiley.com/doi/pdf/10.1002/cpa.10094},
year = {2003}
}
@article{Esca2010,
author = {Luis Escauriaza and Carlos E. Kenig and Gustavo Ponce and Luis Vega},
title = {{The sharp Hardy uncertainty principle for Schrödinger evolutions}},
volume = {155},
journal = {Duke Mathematical Journal},
number = {1},
publisher = {Duke University Press},
pages = {163 -- 187},
year = {2010},
doi = {10.1215/00127094-2010-053},
URL = {https://doi.org/10.1215/00127094-2010-053}
}
@article{Esca2008convexity,
  title={Convexity properties of solutions to the free Schr{\"o}dinger equation with Gaussian decay},
  author={Escauriaza, L and Kenig, CE and Ponce, G and Vega, L},
  journal={Mathematical Research Letters},
  volume={15},
  number={5},
  pages={957--971},
  year={2008},
  publisher={International Press of Boston}
}

@article{Lebeau1992,
  title={Contrôle de l'équation de Schrödinger},
  author={Lebeau, G},
  journal={Journal de mathématiques pures et appliquées},
  volume={71},
  number={3},
  pages={267 -- 291},
  year={1992}
}

@article{Geng2019,
  title={Observability and unique continuation inequalities for the Schrödinger equation},
  author={Gengsheng Wang and Ming Wang and Yubiao Zhang},
  journal={Journal of European Mathematical Society},
  volume={21},
  number={11},
  pages={3513 -- 3572},
  year={2019}
}

@book{Havin2012,
  title={The uncertainty principle in harmonic analysis},
  author={Havin, Victor, and Burglind Jöricke},
  journal={Springer Science & Business Media},
  volume={28},
  year={2012}
}

@article{JAMING200730,
title = {Nazarov's uncertainty principles in higher dimension},
journal = {Journal of Approximation Theory},
volume = {149},
number = {1},
pages = {30-41},
year = {2007},
issn = {0021-9045},
doi = {https://doi.org/10.1016/j.jat.2007.04.005},
url = {https://www.sciencedirect.com/science/article/pii/S0021904507000755},
author = {Philippe Jaming},
keywords = {Strong annihilating pair, Random periodization, Uncertainty principle},
abstract = {In this paper we prove that there exists a constant C such that, if S,Σ are subsets of Rd of finite measure, then for every function f∈L2(Rd),∫Rd|f(x)|2dx⩽CeCmin(|S||Σ|,|S|1/dw(Σ),w(S)|Σ|1/d)∫Rd⧹S|f(x)|2dx+∫Rd⧹Σ|f^(x)|2dx,where f^ is the Fourier transform of f and w(Σ) is the mean width of Σ. This extends to dimension d⩾1 a result of Nazarov [Local estimates for exponential polynomials and their applications to inequalities of the uncertainty principle type, Algebra i Analiz 5 (1993) 3–66 (in Russian); translation in St. Petersburg Math. J. 5 (1994) 663–717] in dimension d=1.}
}

@article{Ming2021,
author = {Li, Ze and Wang, Ming},
title = {Observability Inequality at Two Time Points for KdV Equations},
journal = {SIAM Journal on Mathematical Analysis},
volume = {53},
number = {2},
pages = {1944-1957},
year = {2021},
doi = {10.1137/20M1312538},
URL = { 
        https://doi.org/10.1137/20M1312538
    
},
eprint = { 
        https://doi.org/10.1137/20M1312538
    
}

}


