@article{evans1998partial,
  title={Partial differential equations},
  author={Evans, Lawrence C},
  journal={Providence, RI},
  year={1998}
}

