@article{carr2006center,
  title={Center manifold},
  author={Carr, Jack},
  journal={Scholarpedia},
  volume={1},
  number={12},
  pages={1826},
  year={2006}
}

@misc{loring2008introduction,
  title={An introduction to manifolds},
  author={Loring, W Tu},
  year={2008},
  publisher={Springer New York}
}

@book{chow2012methods,
  title={Methods of bifurcation theory},
  author={Chow, S-N and Hale, Jack K},
  volume={251},
  year={2012},
  publisher={Springer Science \& Business Media}
}

@book{bressan2007hyperbolic,
  title={Hyperbolic systems of balance laws: lectures given at the CIME Summer School held in Cetraro, Italy, July 14-21, 2003},
  author={Bressan, Alberto and Serre, Denis and Williams, Mark and Zumbrun, Kevin},
  year={2007},
  publisher={Springer}
}

