%% This BibTeX bibliography file was created using BibDesk.
%% https://bibdesk.sourceforge.io/

%% Created for Yunlei Wang at 2023-04-02 20:41:24 +0200 


%% Saved with string encoding Unicode (UTF-8) 



@article{zhu2023spectral,
	author = {Zhu, Jiuyi and Zhuge, Jinping},
	date-added = {2023-04-02 19:16:30 +0200},
	date-modified = {2023-04-02 20:41:24 +0200},
	journal = {arXiv preprint arXiv:2301.12338},
	title = {Spectral inequality for Schr{\"o}dinger equations with power growth potentials},
	year = {2023}}

@article{nakic2020sharp,
	author = {Naki{\'c}, Ivica and T{\"a}ufer, Matthias and Tautenhahn, Martin and Veseli{\'c}, Ivan},
	date-added = {2023-04-02 19:16:30 +0200},
	date-modified = {2023-04-02 19:16:30 +0200},
	journal = {ESAIM: Control, Optimisation and Calculus of Variations},
	pages = {54},
	publisher = {EDP Sciences},
	title = {Sharp estimates and homogenization of the control cost of the heat equation on large domains},
	volume = {26},
	year = {2020}}

@incollection{barnes1976lower,
	author = {Barnes, John F and Brascamp, Herm Jan and Lieb, Elliott H},
	booktitle = {Studies in mathematical physics},
	date-added = {2023-04-02 19:16:30 +0200},
	date-modified = {2023-04-02 19:16:30 +0200},
	title = {Lower bound for the ground state energy of the Schroedinger equation using the sharp form of Young's inequality},
	year = {1976}}

@article{dicke2022spectral,
	author = {Dicke, Alexander and Seelmann, Albrecht and Veselic, Ivan},
	date-added = {2023-04-02 19:16:30 +0200},
	date-modified = {2023-04-02 19:16:30 +0200},
	journal = {arXiv preprint arXiv:2206.08682},
	title = {Spectral inequality with sensor sets of decaying density for Schr{\"o}dinger operators with power growth potentials},
	year = {2022}}
