%% This BibTeX bibliography file was created using BibDesk.
%% https://bibdesk.sourceforge.io/

%% Created for Yunlei Wang at 2023-04-27 18:56:43 +0200 


%% Saved with string encoding Unicode (UTF-8) 



@misc{alphonse2023quantitative,
	archiveprefix = {arXiv},
	author = {Paul Alphonse and Albrecht Seelmann},
	date-added = {2023-04-27 18:56:29 +0200},
	date-modified = {2023-04-27 18:56:29 +0200},
	eprint = {2212.10842},
	primaryclass = {math.AP},
	title = {Quantitative spectral inequalities for the anisotropic Shubin operators and applications to null-controllability},
	year = {2023}}

@article{lissy2022non,
	author = {Lissy, Pierre},
	date-added = {2023-04-23 13:35:34 +0200},
	date-modified = {2023-04-23 13:35:34 +0200},
	title = {A non-controllability result for the half-heat equation on the whole line based on the prolate spheroidal wave functions and its application to the Grushin equation},
	year = {2022}}

@article{rojas2013scale,
	author = {Rojas-Molina, Constanza and Veseli{\'c}, Ivan},
	date-added = {2023-04-13 16:29:43 +0200},
	date-modified = {2023-04-13 16:29:43 +0200},
	journal = {Communications in mathematical physics},
	number = {1},
	pages = {245--274},
	publisher = {Springer},
	title = {Scale-free unique continuation estimates and applications to random Schr{\"o}dinger operators},
	volume = {320},
	year = {2013}}

@book{schmudgen2012unbounded,
	author = {Schm{\"u}dgen, Konrad},
	date-added = {2023-04-12 19:13:44 +0200},
	date-modified = {2023-04-12 19:13:44 +0200},
	publisher = {Springer Science \& Business Media},
	title = {Unbounded self-adjoint operators on Hilbert space},
	volume = {265},
	year = {2012}}

@article{alphonse2020null,
	author = {Alphonse, Paul},
	date-added = {2023-04-09 21:03:57 +0200},
	date-modified = {2023-04-09 21:03:57 +0200},
	journal = {arXiv preprint arXiv:2012.04374},
	title = {Null-controllability of evolution equations associated with fractional Shubin operators through quantitative Agmon estimates},
	year = {2020}}

@article{kovrijkine2001some,
	author = {Kovrijkine, Oleg},
	date-added = {2023-04-09 20:50:59 +0200},
	date-modified = {2023-04-09 20:50:59 +0200},
	journal = {Proceedings of the American Mathematical Society},
	number = {10},
	pages = {3037--3047},
	title = {Some results related to the Logvinenko-Sereda theorem},
	volume = {129},
	year = {2001}}

@article{egidi2018sharp,
	author = {Egidi, Michela and Veseli{\'c}, Ivan},
	date-added = {2023-04-09 20:48:13 +0200},
	date-modified = {2023-04-13 19:15:09 +0200},
	journal = {Archiv der Mathematik},
	pages = {85--99},
	publisher = {Springer},
	title = {Sharp geometric condition for null-controllability of the heat equation on $\mathbb{R}^d$ and consistent estimates on the control cost},
	volume = {111},
	year = {2018}}

@article{wang2019observable,
	author = {Wang, Gengsheng and Wang, Ming and Zhang, Can and Zhang, Yubiao},
	date-added = {2023-04-09 20:46:17 +0200},
	date-modified = {2023-04-09 20:46:17 +0200},
	journal = {Journal de Math{\'e}matiques Pures et Appliqu{\'e}es},
	pages = {144--194},
	publisher = {Elsevier},
	title = {Observable set, observability, interpolation inequality and spectral inequality for the heat equation in Rn},
	volume = {126},
	year = {2019}}

@article{dicke2023uncertainty,
	author = {Dicke, Alexander and Seelmann, Albrecht and Veseli{\'c}, Ivan},
	date-added = {2023-04-09 20:38:00 +0200},
	date-modified = {2023-04-09 20:38:00 +0200},
	journal = {Journal of Fourier Analysis and Applications},
	number = {1},
	pages = {11},
	publisher = {Springer},
	title = {Uncertainty principle for Hermite functions and null-controllability with sensor sets of decaying density},
	volume = {29},
	year = {2023}}

@article{martin2022spectral,
	author = {Martin, J{\'e}r{\'e}my and Pravda-Starov, Karel},
	date-added = {2023-04-09 20:36:52 +0200},
	date-modified = {2023-04-09 20:36:52 +0200},
	journal = {Journal of the Institute of Mathematics of Jussieu},
	pages = {1--50},
	publisher = {Cambridge University Press},
	title = {Spectral inequalities for combinations of Hermite functions and null-controllability for evolution equations enjoying Gelfand--Shilov smoothing effects},
	year = {2022}}

@article{egidi2021abstract,
	author = {Egidi, Michela and Seelmann, Albrecht},
	date-added = {2023-04-09 20:35:00 +0200},
	date-modified = {2023-04-09 20:35:00 +0200},
	journal = {Journal of Mathematical Analysis and Applications},
	number = {1},
	pages = {125149},
	publisher = {Elsevier},
	title = {An abstract Logvinenko-Sereda type theorem for spectral subspaces},
	volume = {500},
	year = {2021}}

@article{beauchard2021spectral,
	author = {Beauchard, Karine and Jaming, Philippe and Pravda-Starov, Karel},
	date-added = {2023-04-09 20:33:03 +0200},
	date-modified = {2023-04-09 20:33:03 +0200},
	journal = {Studia Mathematica},
	number = {1},
	pages = {1--43},
	title = {Spectral inequality for finite combinations of Hermite functions and null-controllability of hypoelliptic quadratic equations},
	volume = {260},
	year = {2021}}

@article{gallaun2020sufficient,
	author = {Gallaun, Dennis and Seifert, Christian and Tautenhahn, Martin},
	date-added = {2023-04-09 20:09:10 +0200},
	date-modified = {2023-04-09 20:09:10 +0200},
	journal = {SIAM Journal on Control and Optimization},
	number = {4},
	pages = {2639--2657},
	publisher = {SIAM},
	title = {Sufficient criteria and sharp geometric conditions for observability in Banach spaces},
	volume = {58},
	year = {2020}}

@article{beauchard2018null,
	author = {Beauchard, Karine and Pravda-Starov, Karel},
	date-added = {2023-04-09 20:03:17 +0200},
	date-modified = {2023-04-09 20:03:17 +0200},
	journal = {Journal de l'{\'E}cole polytechnique-Math{\'e}matiques},
	pages = {1--43},
	title = {Null-controllability of hypoelliptic quadratic differential equations},
	volume = {5},
	year = {2018}}

@article{tenenbaum2011null,
	author = {Tenenbaum, G{\'e}rald and Tucsnak, Marius},
	date-added = {2023-04-09 20:02:05 +0200},
	date-modified = {2023-04-09 20:02:05 +0200},
	journal = {ESAIM: Control, Optimisation and Calculus of Variations},
	number = {4},
	pages = {1088--1100},
	publisher = {EDP Sciences},
	title = {On the null-controllability of diffusion equations},
	volume = {17},
	year = {2011}}

@article{lebeau1995controle,
	author = {Lebeau, Gilles and Robbiano, Luc},
	date-added = {2023-04-09 19:55:44 +0200},
	date-modified = {2023-04-09 19:55:44 +0200},
	journal = {Communications in Partial Differential Equations},
	number = {1-2},
	pages = {335--356},
	publisher = {Taylor \& Francis},
	title = {Contr{\^o}le exact de l{\'e}quation de la chaleur},
	volume = {20},
	year = {1995}}

@article{lieb2001inequalities,
	author = {Lieb, Elliott H and Thirring, Walter E},
	date-added = {2023-04-06 23:35:45 +0200},
	date-modified = {2023-04-06 23:35:45 +0200},
	journal = {The Stability of Matter: From Atoms to Stars: Selecta of Elliott H. Lieb},
	pages = {205--239},
	publisher = {Springer},
	title = {Inequalities for the moments of the eigenvalues of the Schr{\"o}dinger Hamiltonian and their relation to Sobolev inequalities},
	year = {2001}}

@article{zhu2023spectral,
	author = {Zhu, Jiuyi and Zhuge, Jinping},
	date-added = {2023-04-05 15:51:06 +0200},
	date-modified = {2023-04-07 01:12:34 +0200},
	journal = {arXiv preprint arXiv:2301.12338},
	title = {Spectral inequality for Schr{\"o}dinger equations with power growth potentials},
	year = {2023}}

@article{nakic2020sharp,
	author = {Naki{\'c}, Ivica and T{\"a}ufer, Matthias and Tautenhahn, Martin and Veseli{\'c}, Ivan},
	date-added = {2023-04-05 15:51:06 +0200},
	date-modified = {2023-04-05 15:51:06 +0200},
	journal = {ESAIM: Control, Optimisation and Calculus of Variations},
	pages = {54},
	publisher = {EDP Sciences},
	title = {Sharp estimates and homogenization of the control cost of the heat equation on large domains},
	volume = {26},
	year = {2020}}

@incollection{barnes1976lower,
	author = {Barnes, John F and Brascamp, Herm Jan and Lieb, Elliott H},
	booktitle = {Studies in mathematical physics},
	date-added = {2023-04-05 15:51:06 +0200},
	date-modified = {2023-04-05 15:51:06 +0200},
	title = {Lower bound for the ground state energy of the Schroedinger equation using the sharp form of Young's inequality},
	year = {1976}}

@article{dicke2022spectral,
	author = {Dicke, Alexander and Seelmann, Albrecht and Veseli{\'c}, Ivan},
	date-added = {2023-04-05 15:51:06 +0200},
	date-modified = {2023-04-13 16:40:28 +0200},
	journal = {arXiv preprint arXiv:2206.08682},
	title = {Spectral inequality with sensor sets of decaying density for Schr{\"o}dinger operators with power growth potentials},
	year = {2022}}
