@article{Wang2016Observability,
  title={Observability and unique continuation inequalities for the Schr"{o}dinger equation},
  author={Wang, Gengsheng and Ming, Wang and Zhang, Yubiao},
  journal={Journal of the European Mathematical Society},
  volume={21 (2019), 3513-3572},
}
@article{Logvinenko1974equivalent,
  title={Equivalent norms in spaces of entire functions of exponential type},
  author={V.N. Logvinenko, J.F. Sereda},
  journal={Teor. Funkc. Funkc. Anal. Prilozh. Vyp.},
  volume={20 (1974), 102-111},
}
@article{Kovrijkine2001Some,
  title={Some results related to the Logvinenko-Sereda theorem},
  author={Kovrijkine, Oleg},
  journal={Proceedings of the American Mathematical Society},
  volume={129},
  number={10},
  pages={3037-3047},
  year={2001},
}
@article{Wang2017Observable,
  title={Observable set, observability, interpolation inequality and spectral inequality for the heat equation in $R^n$},
  author={Wang, Gengsheng and Wang, Ming and Zhang, Can and Zhang, Yubiao},
  journal={J. Math. Pure. Appl.},
  volume={126 (2019), 144-194},
}
