@inproceedings{ortega2013carleson,
  title={Carleson measures and Logvinenko--Sereda sets on compact manifolds},
  author={Ortega-Cerd{\`a}, Joaquim and Pridhnani, Bharti},
  booktitle={Forum Mathematicum},
  volume={25},
  number={1},
  pages={151--172},
  year={2013},
  organization={De Gruyter}
}
@article{dicke2022spherical,
  title={Spherical Logvinenko-Sereda-Kovrijkine type inequality and null-controllability of the heat equation on the sphere},
  author={Dicke, Alexander and Veselic, Ivan},
  journal={arXiv preprint arXiv:2207.01369},
  year={2022}
}