@article{nazarov1994local,
  title={Local estimates of exponential polynomials and their applications to inequalities of uncertainty priciple type},
  author={Nazarov, FL},
  journal={St Petersburg Mathematical Journal},
  volume={5},
  number={4},
  pages={663--718},
  year={1994},
  publisher={Providence, RI, USA: American Mathematical Society, c1992-}
}
@book{turan1953neue,
  title={Eine neue Methode in der Analysis und deren Anwendungen},
  author={Tur{\'a}n, Paul},
  year={1953},
  publisher={Akad{\'e}miai Kiad{\'o}}
}

