@article{zhu2023spectral,
  title={Spectral inequality for Schr$\backslash$" odinger equations with power growth potentials},
  author={Zhu, Jiuyi and Zhuge, Jinping},
  journal={arXiv preprint arXiv:2301.12338},
  year={2023}
}
@article{nakic2020sharp,
  title={Sharp estimates and homogenization of the control cost of the heat equation on large domains},
  author={Naki{\'c}, Ivica and T{\"a}ufer, Matthias and Tautenhahn, Martin and Veseli{\'c}, Ivan},
  journal={ESAIM: Control, Optimisation and Calculus of Variations},
  volume={26},
  pages={54},
  year={2020},
  publisher={EDP Sciences}
}
@incollection{barnes1976lower,
  title={Lower bound for the ground state energy of the Schroedinger equation using the sharp form of Young's inequality},
  author={Barnes, John F and Brascamp, Herm Jan and Lieb, Elliott H},
  booktitle={Studies in mathematical physics},
  year={1976}
}
@article{dicke2022spectral,
  title={Spectral inequality with sensor sets of decaying density for Schr√∂dinger operators with power growth potentials},
  author={Dicke, Alexander and Seelmann, Albrecht and Veselic, Ivan},
  journal={arXiv preprint arXiv:2206.08682},
  year={2022}
}
